<record><leader>00000cas a2200000 a 4500</leader><controlfield tag="001">12356147</controlfield><controlfield tag="008">850807d19071911ksudr ne      0    0eng d</controlfield><datafield ind1=" " ind2=" " tag="010"><subfield code="a">sn 85031960 </subfield></datafield><datafield ind1=" " ind2=" " tag="040"><subfield code="a">KSH</subfield><subfield code="b">eng</subfield><subfield code="c">KSH</subfield><subfield code="d">NPT</subfield><subfield code="d">OCL</subfield><subfield code="d">OCLCQ</subfield></datafield><datafield ind1=" " ind2=" " tag="042"><subfield code="a">msc</subfield></datafield><datafield ind1="0" ind2=" " tag="130"><subfield code="a">Daily telegram (Norton, Kan. : 1907)</subfield></datafield><datafield ind1="1" ind2="4" tag="245"><subfield code="a">The daily telegram.</subfield></datafield><datafield ind1=" " ind2=" " tag="260"><subfield code="a">Norton, Kan. :</subfield><subfield code="b">Will. E. Garland,</subfield><subfield code="c">1907-1911.</subfield></datafield><datafield ind1=" " ind2=" " tag="300"><subfield code="a">5 v. :</subfield><subfield code="b">ill. ;</subfield><subfield code="c">49-55 cm.</subfield></datafield><datafield ind1=" " ind2=" " tag="310"><subfield code="a">Daily (except Sunday)</subfield></datafield><datafield ind1="0" ind2=" " tag="362"><subfield code="a">Vol. 1, no. 241 (Nov. 20, 1907)-v. 5, no. 231 (Nov. 10, 1911).</subfield></datafield><datafield ind1=" " ind2=" " tag="580"><subfield code="a">Also issued in a weekly edition called: Telegram (Norton, Kan. : Weekly).</subfield></datafield><datafield ind1=" " ind2=" " tag="752"><subfield code="a">United States</subfield><subfield code="b">Kansas</subfield><subfield code="c">Norton</subfield><subfield code="d">Norton.</subfield></datafield><datafield ind1="1" ind2=" " tag="775"><subfield code="t">Telegram (Norton, Kan. : Weekly)</subfield><subfield code="w">(DLC)sn 85031571</subfield></datafield><datafield ind1="0" ind2="0" tag="780"><subfield code="t">Telegram (Norton, Kan. : Daily)</subfield><subfield code="w">(DLC)sn 85031961</subfield></datafield><datafield ind1="0" ind2="0" tag="785"><subfield code="t">Norton daily telegram (Norton, Kan. : 1911)</subfield><subfield code="w">(DLC)sn 85031959</subfield></datafield></record>